@incollection{choy_nips16,
  title = {Universal Correspondence Network},
  author = {Choy, Christopher B and Gwak, JunYoung and Savarese, Silvio and Chandraker, Manmohan},
  booktitle = {Advances in Neural Information Processing Systems 29},
  year = {2016},
}
